%VeliPeli literature club

@misc{aws_amazon_ec2,
    title = "Amazon Elastic Compute Cloud",
    year = "2019",
    howpublished = "https://aws.amazon.com/ec2/",
    note = "[Online; dostopano 8-April-2019]"
}

@misc{aws_amazon_free,
    title = "AWS Free Tier",
    year = "2019",
    howpublished = "https://aws.amazon.com/free/",
    note = "[Online; dostopano 8-April-2019]"
}

@misc{aws_amazon_instances,
    title = "Amazon EC2 T2 Instances",
    year = "2019",
    howpublished = "https://aws.amazon.com/ec2/instance-types/t2/",
    note = "[Online; dostopano 8-April-2019]"
}

@misc{aws_amazon,
    title = "Amazon Web Services",
    year = "2019",
    howpublished = "https://aws.amazon.com/",
    note = "[Online; dostopano 8-April-2019]"
}

@misc{aws_amazon_tutorial,
    title = "Launch a Linux Virtual Machine",
    year = "2019",
    howpublished = "https://aws.amazon.com/getting-started/tutorials/launch-a-virtual-machine/?trk=gs\_card",
    note = "[Online; dostopano 8-April-2019]"
}

@misc{aws_amazon_console,
  title = "AWS Management Console",
  year = "2019",
  howpublished = "https://aws.amazon.com/console/",
  note = "[Online; dostopano 8-April-2019]"
}

@misc{aws_amazon_ami,
  title = "AWS Management Console",
  year = "2019",
  howpublished = {https://docs.aws.amazon.com/AWSEC2/latest/UserGuide/AMIs.html},
  note = "[Online; dostopano 8-April-2019]"
}
